% Encoding: UTF-8

@article{ILC_TDR_Vol1,
author         = "Behnke, Ties and Brau, James E. and Foster, Brian and
Fuster, Juan and Harrison, Mike and Paterson, James McEwan
and Peskin, Michael and Stanitzki, Marcel and Walker,
Nicholas and Yamamoto, Hitoshi",
title          = "{The International Linear Collider Technical Design
Report - Volume 1: Executive Summary}",
year           = "2013",
eprint         = "1306.6327",
archivePrefix  = "arXiv",
primaryClass   = "physics.acc-ph",
reportNumber   = "ILC-REPORT-2013-040, ANL-HEP-TR-13-20,
BNL-100603-2013-IR, IRFU-13-59, CERN-ATS-2013-037,
COCKCROFT-13-10, CLNS-13-2085, DESY-13-062,
FERMILAB-TM-2554, IHEP-AC-ILC-2013-001, INFN-13-04-LNF,
JAI-2013-001, JINR-E9-2013-35, JLAB-R-2013-01,
KEK-REPORT-2013-1, KNU-CHEP-ILC-2013-1, LLNL-TR-635539,
SLAC-R-1004, ILC-HIGRADE-REPORT-2013-003",
SLACcitation   = "%%CITATION = ARXIV:1306.6327;%%"
}

@ARTICLE{Benaglia2016,
author={A. Benaglia and E. Auffray and P. Lecoq and H. Wenzel and A. Para},
journal={IEEE Transactions on Nuclear Science},
title={Space-Time Development of Electromagnetic and Hadronic Showers and Perspectives for Novel Calorimetric Techniques},
year={2016},
volume={63},
number={2},
pages={574-579},
keywords={elementary particle jets;particle calorimetry;photodetectors;solid scintillation detectors;GEANT4-based simulation toolkit;calorimetric techniques;compact photodetectors;electromagnetic particle reconstruction;electromagnetic shower;event-by-event correction;hadronic calorimeters;hadronic shower;high-energy hadrons;high-energy physics accelerators;high-energy resolution;jet reconstruction;physics phenomena;scintillating materials;total absorption time-imaging calorimeter;Detectors;Electromagnetics;Energy resolution;Mesons;Neutrons;Physics;Timing;Dual readout;hadron calorimetry;simulation;timing},
doi={10.1109/TNS.2016.2527758},
ISSN={0018-9499},
month={April},}

@INPROCEEDINGS{Sefkow:316196,
author       = {Sefkow, Felix and Krueger, Katja},
title        = {{T}owards a new {AHCAL} prototype},
school       = {UT Arlington},
reportid     = {PUBDB-2016-06395},
year         = {2016},
month         = {Sep},
date          = {2016-09-14},
organization  = {CALICE Collaboration Meeting,
Arlington (Texas, USA), 14 Sep 2016 -
16 Sep 2016},
cin          = {FLC},
cid          = {I:(DE-H253)FLC-20120731},
pnm          = {632 - Detector technology and systems (POF3-632) /
AIDA-2020 - Advanced European Infrastructures for Detectors
at Accelerators (654168)},
pid          = {G:(DE-HGF)POF3-632 / G:(EU-Grant)654168},
experiment   = {EXP:(DE-H253)ILC(machine)-20150101},
typ          = {PUB:(DE-HGF)6},
url          = {http://bib-pubdb1.desy.de/record/316196},
}

@article{Krueger:205287,
author={K Krüger and the CALICE collaboration},
title={Prototype tests for a highly granular scintillator-based hadron calorimeter},
journal={Journal of Physics: Conference Series},
volume={587},
number={1},
pages={012033},
url={http://stacks.iop.org/1742-6596/587/i=1/a=012033},
year={2015},
abstract={Within the CALICE collaboration, several concepts for the hadronic calorimeter of a future linear collider detector are studied. After having demonstrated the capabilities of the measurement methods in "physics prototypes", the focus now lies on improving their implementation in"technological prototypes", that are scalable to the full linear collider detector. The Analog Hadron Calorimeter (AHCAL) concept is a sampling calorimeter of tungsten or steel absorber plates and plastic scintillator tiles read out by silicon photomultipliers as active material. In the AHCAL technological prototype, the front-end chips are integrated into the active layers of the calorimeter and are designed for minimal power consumption. The versatile electronics allows the prototype to be equipped with different types of scintillator tiles and SiPMs. The current status of the AHCAL engineering prototype is shown and recent beam test measurements as well as plans for future hadron beam tests with a larger prototype will be discussed.}
}


@inproceedings{MoradeFreitas:2002kj,
author         = "Mora de Freitas, P. and Videau, H.",
title          = "{Detector simulation with MOKKA / GEANT4: Present and
future}",
booktitle      = "{Linear colliders. Proceedings, International Workshop on
physics and experiments with future electron-positron
linear colliders, LCWS 2002, Seogwipo, Jeju Island, Korea,
August 26-30, 2002}",
url            = "http://www-library.desy.de/cgi-bin/showprep.pl?lc-tool03-010",
year           = "2002",
pages          = "623-627",
reportNumber   = "LC-TOOL-2003-010",
SLACcitation   = "%%CITATION = LC-TOOL-2003-010;%%"
}

@article{Frank:2014zya,
author         = "Frank, Markus and Gaede, F. and Grefe, C. and Mato, P.",
title          = "{DD4hep: A Detector Description Toolkit for High Energy
Physics Experiments}",
booktitle      = "{Proceedings, 20th International Conference on Computing
in High Energy and Nuclear Physics (CHEP 2013): Amsterdam,
The Netherlands, October 14-18, 2013}",
journal        = "J. Phys. Conf. Ser.",
volume         = "513",
year           = "2014",
pages          = "022010",
doi            = "10.1088/1742-6596/513/2/022010",
SLACcitation   = "%%CITATION = 00462,513,022010;%%"
}

@PhdThesis{Hartbrich:2016bbz,
author       = {Hartbrich, Oskar},
title        = {{Scintillator Calorimeters for a Future Linear Collider Experiment}},
school       = {Hasylab, DESY},
year         = {2016},
address      = {Hamburg},
doi          = {10.3204/PUBDB-2016-02800},
reportnumber = {DESY-THESIS-2016-020},
slaccitation = {%%CITATION = DESY-THESIS-2016-020;%%},
}

@article{1748-0221-5-05-P05004,
author={{The CALICE collaboration}},
title={{Construction and commissioning of the CALICE analog hadron calorimeter prototype}},
journal={Journal of Instrumentation},
volume={5},
number={05},
pages={P05004},
url={http://stacks.iop.org/1748-0221/5/i=05/a=P05004},
year={2010}
}

@INPROCEEDINGS{5401891,
author={S. Callier and F. Dulucq and R. Fabbri and C. de La Taille and B. Lutz and G. Martin-Chassard and L. Raux and W. Shen},
booktitle={2009 IEEE Nuclear Science Symposium Conference Record (NSS/MIC)},
title={Silicon Photomultiplier integrated readout chip (SPIROC) for the ILC: Measurements and possible further development},
year={2009},
volume={},
number={},
pages={42-46},
keywords={amplifiers;analogue-digital conversion;application specific integrated circuits;nuclear electronics;particle calorimetry;photomultipliers;readout electronics;silicon radiation detectors;trigger circuits;12-bit wilkinson ADC;16-bit depth analog memory array;ILC AHCAL physics prototype;ILC hadronic calorimeter;SPIROC chip;auto-triggering capability;bi-gain amplification;calorimeter calibration;front-end ASIC chip;silicon photomultiplier integrated readout chip;Application specific integrated circuits;Detectors;Dynamic range;Germanium silicon alloys;Photomultipliers;Physics;Pipelines;Prototypes;Semiconductor device measurement;Silicon germanium;0.35μm SiGe;ILC;SPIROC;Silicon Photomultiplier;haronic calorimeter},
doi={10.1109/NSSMIC.2009.5401891},
ISSN={1082-3654},
month={Oct},}

@INPROCEEDINGS{Kvasnicka:CR_IEEE2016,
author={J. Kvasnicka},
booktitle={2016 IEEE Nuclear Science Symposium, Medical Imaging Conference and Room-Temperature Semiconductor Detector Workshop (NSS/MIC/RTSD)},
title={A scalable data acquisition system for the CALICE tile hadron calorimeter},
year={2016},
volume={},
number={},
pages={1-6},
keywords={application specific integrated circuits;data acquisition;field programmable gate arrays;linear colliders;nuclear electronics;particle calorimetry;photomultipliers;readout electronics;scintillation counters;silicon radiation detectors;AHCAL design;AHCAL prototype beam tests;AHCAL steel absorber plate spacing;CALICE tile hadron calorimeter;DAQ architecture;DAQ chain;HDMI connectors;ILC timing;Kintex7 FPGA;Link Data Aggregator;absorber plates;active cooling;central Zynq system-on-chip;detector layers;front-end electronics;future International Linear Collider;high-granular analogue hadron calorimeter;power dissipation budget;power-pulsing mode;scalable data acquisition system;Clocks;Computer architecture;Connectors;Data acquisition;Detectors;Field programmable gate arrays;Timing;Calorimetry;Data acquisition},
doi={10.1109/NSSMIC.2016.8069932},
ISSN={},
month={Oct},}

@Electronic{H2Beamline,
title = {{CERN North Area H2 beamline}},
url   = {http://sba.web.cern.ch/sba/},
}

@Misc{Brianne2012,
author       = {Eldwan Brianne},
title        = {{Studies of the front-end electronics of the Analog HCAL}},
howpublished = {DESY summer student report},
year         = {2012},
}

@Misc{Hartbrich2011,
author       = {Oskar Hartbrich},
title        = {{Investigation of the time measurement capabilities of the SPIROC2b ASIC}},
howpublished = {DESY summer student report},
year         = {2011},
}

@Article{Simon2013,
author   = {F Simon and C Soldner and L Weuste},
title    = {{T3B - an experiment to measure the time structure of hadronic showers}},
journal  = {Journal of Instrumentation},
year     = {2013},
volume   = {8},
number   = {12},
pages    = {P12001},
url      = {http://stacks.iop.org/1748-0221/8/i=12/a=P12001},
}

@Misc{AmbraPrivate,
author   = {Ambra Provenza},
title    = {{Private communication, Energy study of the CERN 2015 July in the AHCAL}}
}

@article{Barklow:2016tza,
author         = "Barklow, Timothy and d`Hautuille, Luc and Milke,
Christopher and Schumm, Bruce and Schütz, Anne and
Stanitzki, Marcel and Strube, Jan",
title          = "{A Study of the Impact of High Cross Section ILC
Processes on the SiD Detector Design}",
year           = "2016",
eprint         = "1609.07816",
archivePrefix  = "arXiv",
primaryClass   = "physics.ins-det",
SLACcitation   = "%%CITATION = ARXIV:1609.07816;%%"
}

@article{Thomson:2009rp,
author         = "Thomson, M. A.",
title          = "{{Particle Flow Calorimetry and the PandoraPFA Algorithm}}",
journal        = "Nucl. Instrum. Meth.",
volume         = "A611",
year           = "2009",
pages          = "25-40",
doi            = "10.1016/j.nima.2009.09.009",
eprint         = "0907.3577",
archivePrefix  = "arXiv",
primaryClass   = "physics.ins-det",
reportNumber   = "CU-HEP-09-11",
SLACcitation   = "%%CITATION = ARXIV:0907.3577;%%"
}

@Article{Agostinelli2003,
author   = {S. Agostinelli and al.},
title    = {{Geant4 -- a simulation toolkit}},
journal  = {Nuclear Instruments and Methods in Physics Research Section A: Accelerators, Spectrometers, Detectors and Associated Equipment},
year     = {2003},
volume   = {506},
number   = {3},
pages    = {250 - 303},
issn     = {0168-9002},
doi      = {http://dx.doi.org/10.1016/S0168-9002(03)01368-8},
keywords = {Simulation, Particle interactions, Geometrical modelling, Software engineering, Object-oriented technology, Distributed software development},
url      = {http://www.sciencedirect.com/science/article/pii/S0168900203013688},
}

@phdthesis{Gunter:2015ika,
author         = "Günter, Clemens",
title          = "{Comparison of Iron and Tungsten Absorber Structures for
an Analog Hadron Calorimeter}",
school         = "U. Hamburg, Dept. Phys.",
year           = "2015",
address        = "Hamburg",
url            = "http://bib-pubdb1.desy.de/search?of=hd&p=id:%22DESY-THESIS-2015-018%22",
doi            = "10.3204/DESY-THESIS-2015-018",
reportNumber   = "DESY-THESIS-2015-018",
SLACcitation   = "%%CITATION = DESY-THESIS-2015-018;%%"
}

@phdthesis{Brianne:2018rur,
author         = "Brianne, Eldwan",
title          = "{Time development of hadronic showers in a Highly
Granular Analog Hadron Calorimeter}",
school         = "DESY",
year           = "2018",
address        = "Hamburg, Germany",
doi            = "10.3204/PUBDB-2018-02769",
SLACcitation   = "%%CITATION = INSPIRE-1687262;%%"
}

@article{Sefkow:2018rhp,
author         = "Sefkow, Felix and Simon, Frank",
title          = "{A highly granular SiPM-on-tile calorimeter prototype}",
booktitle      = "{Proceedings, 18th International Conference on
Calorimetry in Particle Physics (CALOR 2018): Eugene,
Oregon, USA, May 21-25, 2018}",
collaboration  = "CALICE",
journal        = "J. Phys. Conf. Ser.",
volume         = "1162",
year           = "2019",
number         = "1",
pages          = "012012",
doi            = "10.1088/1742-6596/1162/1/012012",
eprint         = "1808.09281",
archivePrefix  = "arXiv",
primaryClass   = "physics.ins-det",
SLACcitation   = "%%CITATION = ARXIV:1808.09281;%%"
}

@Comment{jabref-meta: databaseType:bibtex;}
